@inproceedings{goodfellow2014generative,
  title={Generative adversarial nets},
  author={Goodfellow, Ian and Pouget-Abadie, Jean and Mirza, Mehdi and Xu, Bing and Warde-Farley, David and Ozair, Sherjil and Courville, Aaron and Bengio, Yoshua},
  booktitle={Advances in Neural Information Processing Systems},
  pages={2672--2680},
  year={2014}
}

@article{ganin2014unsupervised,
  title={Unsupervised domain adaptation by backpropagation},
  author={Ganin, Yaroslav and Lempitsky, Victor},
  journal={arXiv preprint arXiv:1409.7495},
  year={2014}
}

@article{gretton2009covariate,
  title={Covariate shift by kernel mean matching},
  author={Gretton, Arthur and Smola, Alex and Huang, Jiayuan and Schmittfull, Marcel and Borgwardt, Karsten and Sch{\"o}lkopf, Bernhard},
  journal={Dataset shift in machine learning},
  volume={3},
  number={4},
  pages={5},
  year={2009},
  publisher={MIT press Cambridge, MA}
}

@book{sugiyama2012machine,
  title={Machine learning in non-stationary environments: Introduction to covariate shift adaptation},
  author={Sugiyama, Masashi and Kawanabe, Motoaki},
  year={2012},
  publisher={MIT Press}
}

@article{vapnik2013constructive,
  title={Constructive setting of the density ratio estimation problem and its rigorous solution},
  author={Vapnik, Vladimir and Braga, Igor and Izmailov, Rauf},
  journal={arXiv preprint arXiv:1306.0407},
  year={2013}
}

@inproceedings{gong2013connecting,
  title={Connecting the dots with landmarks: Discriminatively learning domain-invariant features for unsupervised domain adaptation},
  author={Gong, Boqing and Grauman, Kristen and Sha, Fei},
  booktitle={Proceedings of The 30th International Conference on Machine Learning},
  pages={222--230},
  year={2013}
}

@inproceedings{blitzer2006domain,
  title={Domain adaptation with structural correspondence learning},
  author={Blitzer, John and McDonald, Ryan and Pereira, Fernando},
  booktitle={Proceedings of the 2006 conference on empirical methods in natural language processing},
  pages={120--128},
  year={2006},
  organization={Association for Computational Linguistics}
}

@article{pan2011domain,
  title={Domain adaptation via transfer component analysis},
  author={Pan, Sinno Jialin and Tsang, Ivor W and Kwok, James T and Yang, Qiang},
  journal={Neural Networks, IEEE Transactions on},
  volume={22},
  number={2},
  pages={199--210},
  year={2011},
  publisher={IEEE}
}

@article{shimodaira2000improving,
  title={Improving predictive inference under covariate shift by weighting the log-likelihood function},
  author={Shimodaira, Hidetoshi},
  journal={Journal of statistical planning and inference},
  volume={90},
  number={2},
  pages={227--244},
  year={2000},
  publisher={Elsevier}
}

@inproceedings{gopalan2011domain,
  title={Domain adaptation for object recognition: An unsupervised approach},
  author={Gopalan, Raghuraman and Li, Ruonan and Chellappa, Rama},
  booktitle={Computer Vision (ICCV), 2011 IEEE International Conference on},
  pages={999--1006},
  year={2011},
  organization={IEEE}
}

@inproceedings{baktashmotlagh2013unsupervised,
  title={Unsupervised domain adaptation by domain invariant projection},
  author={Baktashmotlagh, Mahsa and Harandi, Mehrtash and Lovell, Brian and Salzmann, Mathieu},
  booktitle={Proceedings of the IEEE International Conference on Computer Vision},
  pages={769--776},
  year={2013}
}
